@article{visser1999donkey,
  title={The donkey and the monoid: Dynamic semantics with control elements},
  author={Visser, A.},
  journal={Artificial Intelligence Preprint Series},
  volume={1},
  year={1999}
}

@inproceedings{klein2003accurate,
  title={Accurate unlexicalized parsing},
  author={Klein, D. and Manning, C.D.},
  booktitle={Proceedings of the 41st Annual Meeting on Association for Computational Linguistics-Volume 1},
  pages={423--430},
  year={2003},
  organization={Association for Computational Linguistics}
}

@inproceedings{de2008stanford,
  title={The Stanford typed dependencies representation},
  author={De Marneffe, Marie-Catherine and Manning, Christopher D},
  booktitle={Coling 2008: Proceedings of the workshop on Cross-Framework and Cross-Domain Parser Evaluation},
  pages={1--8},
  year={2008},
  organization={Association for Computational Linguistics}
}

@inproceedings{de2006generating,
  title={Generating typed dependency parses from phrase structure parses},
  author={De Marneffe, Marie-Catherine and MacCartney, Bill and Manning, Christopher D},
  booktitle={Proceedings of LREC},
  volume={6},
  pages={449--454},
  year={2006}
}

@article{de2008stanford,
  title={Stanford typed dependencies manual},
  author={De Marneffe, Marie-Catherine and Manning, Christopher D},
  journal={URL http://nlp. stanford. edu/software/dependencies\_manual. pdf},
  year={2008}
}

@article{lee2013deterministic,
  title={Deterministic coreference resolution based on entity-centric, precision-ranked rules},
  author={Lee, Heeyoung and Chang, Angel and Peirsman, Yves and Chambers, Nathanael and Surdeanu, Mihai and Jurafsky, Dan},
  journal={Computational Linguistics},
  number={Just Accepted},
  pages={1--54},
  year={2013},
  publisher={MIT Press}
}

@inproceedings{lee2011stanford,
  title={Stanford's multi-pass sieve coreference resolution system at the CoNLL-2011 shared task},
  author={Lee, Heeyoung and Peirsman, Yves and Chang, Angel and Chambers, Nathanael and Surdeanu, Mihai and Jurafsky, Dan},
  booktitle={Proceedings of the Fifteenth Conference on Computational Natural Language Learning: Shared Task},
  pages={28--34},
  year={2011},
  organization={Association for Computational Linguistics}
}
@inproceedings{raghunathan2010multi,
  title={A multi-pass sieve for coreference resolution},
  author={Raghunathan, Karthik and Lee, Heeyoung and Rangarajan, Sudarshan and Chambers, Nathanael and Surdeanu, Mihai and Jurafsky, Dan and Manning, Christopher},
  booktitle={Proceedings of the 2010 Conference on Empirical Methods in Natural Language Processing},
  pages={492--501},
  year={2010},
  organization={Association for Computational Linguistics}
}
@article{leijen2001parsec,
  title={Parsec: Direct style monadic parser combinators for the real world},
  author={Leijen, Daan and Meijer, Erik},
  year={2001}
}
@article{eijck1992dynamic,
  title={Dynamic interpretation and Hoare deduction},
  author={Eijck, Jan and Vries, Fer-Jan},
  journal={Journal of Logic, Language and Information},
  volume={1},
  number={1},
  pages={1--44},
  year={1992},
  publisher={Springer}
}
@article{kanazawa1994weak,
  title={Weak vs. strong readings of donkey sentences and monotonicity inference in a dynamic setting},
  author={Kanazawa, Makoto},
  journal={Linguistics and philosophy},
  volume={17},
  number={2},
  pages={109--158},
  year={1994},
  publisher={Springer}
}

@article{lander2001initial,
  title={Initial sequencing and analysis of the human genome},
  author={Lander, Eric S and Linton, Lauren M and Birren, Bruce and Nusbaum, Chad and Zody, Michael C and Baldwin, Jennifer and Devon, Keri and Dewar, Ken and Doyle, Michael and FitzHugh, William and others},
  journal={Nature},
  volume={409},
  number={6822},
  pages={860--921},
  year={2001},
  publisher={Nature Publishing Group}
}

@article{lee2013deterministic,
  title={Deterministic coreference resolution based on entity-centric, precision-ranked rules},
  author={Lee, Heeyoung and Chang, Angel and Peirsman, Yves and Chambers, Nathanael and Surdeanu, Mihai and Jurafsky, Dan},
  journal={Computational Linguistics},
  number={Just Accepted},
  pages={1--54},
  year={2013},
  publisher={MIT Press}
}

@inproceedings{lee2011stanford,
  title={Stanford's multi-pass sieve coreference resolution system at the CoNLL-2011 shared task},
  author={Lee, Heeyoung and Peirsman, Yves and Chang, Angel and Chambers, Nathanael and Surdeanu, Mihai and Jurafsky, Dan},
  booktitle={Proceedings of the Fifteenth Conference on Computational Natural Language Learning: Shared Task},
  pages={28--34},
  year={2011},
  organization={Association for Computational Linguistics}
}

@inproceedings{raghunathan2010multi,
  title={A multi-pass sieve for coreference resolution},
  author={Raghunathan, Karthik and Lee, Heeyoung and Rangarajan, Sudarshan and Chambers, Nathanael and Surdeanu, Mihai and Jurafsky, Dan and Manning, Christopher},
  booktitle={Proceedings of the 2010 Conference on Empirical Methods in Natural Language Processing},
  pages={492--501},
  year={2010},
  organization={Association for Computational Linguistics}
}

@article{groenendijk1991dynamic,
  title={Dynamic predicate logic},
  author={Groenendijk, Jeroen and Stokhof, Martin},
  journal={Linguistics and philosophy},
  volume={14},
  number={1},
  pages={39--100},
  year={1991},
  publisher={Springer}
}